@article{hoffmann2001fast,
  title={{The fast-forward planning system}},
  author={Hoffmann, J.},
  journal={AI magazine},
  volume={22},
  number={3},
  year={2001}
},

@inproceedings{kautz1998blackbox,
  title={BLACKBOX: A new approach to the application of theorem proving to problem solving},
  author={Kautz, Henry and Selman, Bart},
  booktitle={AIPS98 Workshop on Planning as Combinatorial Search},
  volume={58260},
  pages={58--60},
  year={1998}
}